% ГОСТ Р 7.0.11-2011, Приложение Б, Книги
%@BOOK{Sychev,
%  author = {Сычёв, М. С.},
%  title = {История Астраханского казачьего войска : учебное пособие},
%  address = {Астрахань},
%  publisher = {Волга},
%  year = {2009},
%  numpages = {231},
%  language = {russian}
%}
%
%@BOOK{Sokolov,
%  author = {Соколов, А. Н. and Сердобинцев, К. С.},
%  editor = {Бочарова, В. М.},
%  address = {Астрахань},
%  publisher = {Калиниградский ЮИ МВД России},
%  title = {Гражданское общество: проблемы формирования и развития (философский и юридический аспекты) : монография},
%  year = {2009},
%  numpages = {218},
%  language = {russian}
%}
%
%@BOOK{Gaidaenko,
%  author = {Гайдаенко, Т. А.},
%  title = {Маркетинговое управление: принципы управленческих решений и российская практика},
%  edition = {{}3-е изд, перераб. и доп.},
%  address = {М.},
%  publisher = {Эксмо: МИРБИС},
%  year = {2008},
%  numpages = {508},
%  language = {russian}
%}
%
%@BOOK{Lermontov,
%  author = {Лермонтов, Михаил Юрьевич},
%  title = {Собрание сочинений: в 4 т.},
%  address = {М.},
%  publisher = {Терра-Кн. клуб},
%  year = {2009},
%  note = {4 т.},
%  language = {russian}
%}
%
%@BOOK{Management,
%  title = {Управление бизнесом : сборник статей},
%  address = {Нижний новгород},
%  publisher = {Изд-во Нижегородского университета},
%  year = {2009},
%  numpages = {243},
%  language = {russian}
%}
%
%@BOOK{Borozda,
%  author = {Борозда, И. В. and Воронин, Н. И. and Бушманов, А. В.},
%  title = {Лечение сочетанных повреждений таза},
%  address = {Владивосток},
%  publisher = {Дальнаука},
%  year = {2009},
%  numpages = {195},
%  language = {russian}
%}
%
%@BOOK{Marketing,
%  author = {Михненков, О. В. and Коготкова, И. З. and Генкин, Е. В. and Сороко, Г. Я.},
%  title = {Маркетинговые исследования в строительстве : учебное пособие для студентов специальности «Менеджмент организаций»},
%  address = {М.},
%  publisher = {Государственный университет управления},
%  year = {2005},
%  numpages = {59},
%  language = {russian}
%}
%
%% ГОСТ Р 7.0.11-2011, Приложение Б, Нормативные правовые акты
%@BOOK{Constitution,
%  title = {Конституция Российской Федерации : офиц. текст.},
%  address = {М.},
%  publisher = {Маркетинг},
%  year = {2001},
%  numpages = {39},
%  language = {russian}
%}
%
%@BOOK{FamilyCode,
%  title = {Семейный кодекс Российской Федерации : [федер. закон: принят Гос. Думой 8 дек. 1995~г. : по состоянию на 3~янв. 2001~г.]},
%  address = {СПб.},
%  publisher = {Стаун-кантри},
%  year = {2001},
%  numpages = {94},
%  language = {russian}
%}
%
%% ГОСТ Р 7.0.11-2011, Приложение Б, Стандарты
%@BOOK{Gost.7.0.53,
%  title = {ГОСТ Р 7.0.53-2007 Система стандартов по информации, библиотечному и издательскому делу. Издания. Международный стандартный книжный номер. Использование и издательское оформление.},
%  address = {М.},
%  publisher = {Стандартинформ},
%  year = {2007},
%  numpages = {5},
%  language = {russian}
%}
%
%% ГОСТ Р 7.0.11-2011, Приложение Б, Депонированные научные работы
%@BOOK{Razumovski,
%  author = {Разумовский, В. А. and Андреев, Д. А.},
%  title = {Управление маркетинговыми исследованиями в регионе},
%  address = {М.},
%  year = {2002},
%  numpages = {210},
%  note = {Деп. в ИНИОН Рос. акад. наук 15.02.02, № 139876},
%  language = {russian}
%}
%
%% ГОСТ Р 7.0.11-2011, Приложение Б, Диссертации
%@BOOK{Lagkueva,
%  author = {Лагкуева, Ирина Владимировна},
%  title = {Особенности регулирования труда творческих работников театров : дис. ... канд. юрид. наук : 12.00.05},
%  address = {М.},
%  year = {2009},
%  numpages = {168},
%  language = {russian}
%}
%
%@BOOK{Pokrovski,
%  author = {Покровский, Андрей Владимирович},
%  title = {Устранимые особенности решений эллиптических уравнений : дис. ... д-ра физ.-мат. наук : 01.01.01},
%  address = {М.},
%  year = {2008},
%  numpages = {178},
%  language = {russian}
%}
%
%% ГОСТ Р 7.0.11-2011, Приложение Б, Авторефераты диссертаций
%@BOOK{Sirotko,
%  author = {Сиротко, Владимир Викторович},
%  title = {Медико-социальные аспекты городского травматизма в современных условиях : автореф. дис. ... канд. мед. наук : 14.00.33},
%  address = {М.},
%  year = {2006},
%  numpages = {26},
%  language = {russian}
%}
%
%% !!! этот пример НЕ работает с bibtex
%% Тот же пример, с использованием https://www.ctan.org/pkg/biblatex-gost
%@THESIS{Sirotko2,
%  author =       {Сиротко, Владимир Викторович},
%  title =        {Медико-социальные аспекты городского травматизма в современных условиях},
%  media =        {text},
%  type =         {phdautoref},
%  science =      {мед. наук},
%  specialitycode ={14.00.33},
%  address =      {М.},
%  year =         {2006},
%  pagetotal =    {26},
%  language =     {russian},
%}
%
%@BOOK{Lukina,
%  author = {Лукина, Валентина Александровна},
%  title = {Творческая история «Записок охотника» И. С. Тургенева : автореф. дис. ... канд. филол. наук : 10.01.01},
%  address = {СПб.},
%  year = {2006},
%  numpages = {26},
%  language = {russian}
%}
%
%% !!! этот пример НЕ работает с bibtex
%% Тот же пример, с использованием https://www.ctan.org/pkg/biblatex-gost
%@THESIS{Lukina2,
%  author =       {Лукина, Валентина Александровна},
%  title =        {Творческая история «Записок охотника» И. С. Тургенева},
%  media =        {text},
%  type =         {phdautoref},
%  science =      {филол. наук},
%  specialitycode ={10.01.01},
%  address =      {СПб.},
%  year =         {2006},
%  pagetotal =    {26},
%  language =     {russian},
%}
%
%% ГОСТ Р 7.0.11-2011, Приложение Б, Отчёты о научно-исследовательской работе
%@BOOK{Methodology,
%  author = {Загорюев, А. Л.},
%  title = {Методология и методы изучения военно-профессиональной направленности подростков : отчёт о НИР},
%  address = {Екатеринбург},
%  institution = {Уральский институт практической психологии},
%  year = {2008},
%  numpages = {102},
%  language = {russian}
%}
%
%% ГОСТ Р 7.0.11-2011, Приложение Б, Электронные ресурсы
%@BOOK{Encyclopedia,
%  title = {Художественная энциклопедия зарубежного классического искусства [Электронный ресурс]},
%  address = {М.},
%  publisher = {Большая Рос. энкцикл.},
%  year = {1996},
%  note = {1 электрон. опт. диск (CD-ROM)},
%  language = {russian}
%}
%
%% !!! этот пример НЕ работает с bibtex
%% Тот же пример, с использованием https://www.ctan.org/pkg/biblatex-gost
%@BOOK{Encyclopedia2,
%  title = {Художественная энциклопедия зарубежного классического искусства},
%  address = {М.},
%  media = {eresource},
%  publisher = {Большая Рос. энкцикл.},
%  year = {1996},
%  note = {1 электрон. опт. диск (CD-ROM)},
%  language = {russian},
%}
%
%@ARTICLE{Nasirova,
%  author =       {Насырова, Г. А.},
%  title =        {Модели государственного регулирования страховой деятельности
%                  [Электронный ресурс]},
%  journal =      {Вестник Финансовой академии},
%  year =         {2003},
%  number =       {4},
%  note =         {Режим доступа: http://vestnik.fa.ru/4(28)2003/4.html},
%  language =     {russian}
%}
%
%@ARTICLE{Nasirova2,
%  author = {Насырова, Г. А.},
%  title = {Модели государственного регулирования страховой деятельности},
%  journal = {Вестник Финансовой академии},
%  year = {2003},
%  media = {eresource},
%  number = {4},
%  note = {Режим доступа: http://vestnik.fa.ru/4(28)2003/4.html},
%  language = {russian}
%}
%
%% ГОСТ Р 7.0.11-2011, Приложение Б, Статьи
%
%@ARTICLE{Berestova,
%  author = {Берестова, Т. Ф.},
%  title = {Поисковые инструменты библиотеки},
%  journal = {Библиография},
%  year = {2006},
%  number = {4},
%  pages = {19},
%  language = {russian}
%}
%
%@ARTICLE{Kriger,
%  author = {Кригер, И.},
%  title =  {Бумага терпит},
%  journal = {Новая газета},
%  year = {2009},
%  note = {1 июля},
%  language = {russian}
%}
%

% Examples from https://verbosus.com/bibtex-style-examples.html

@ARTICLE{Breizman2019,
  author = {{Breizman}, Boris N. and {Aleynikov}, Pavel and {Hollmann}, Eric M. and {Lehnen}, Michael},
  title = "{Physics of runaway electrons in tokamaks}",
  journal = {Nuclear Fusion},
  keywords = {thermal quench, runaway avalanche, current quench, hot tail, disruption mitigation},
  year = 2019,
  month = aug,
  volume = {59},
  number = {8},
  eid = {083001},
  pages = {083001},
  doi = {10.1088/1741-4326/ab1822},
  adsurl = {https://ui.adsabs.harvard.edu/abs/2019NucFu..59h3001B},
  adsnote = {Provided by the SAO/NASA Astrophysics Data System}
}

@article{Matthews2016,
  doi = {10.1088/0031-8949/t167/1/014070},
  url = {https://doi.org/10.1088/0031-8949/t167/1/014070},
  year = 2016,
  month = {1},
  publisher = {{IOP} Publishing},
  volume = {T167},
  pages = {014070},
  author = {G F Matthews and B Bazylev and A Baron-Wiechec and J Coenen and K Heinola and V Kiptily and H Maier and C Reux and V Riccardo and F Rimini and G Sergienko and V Thompson and A Widdowson and},
  title = {Melt damage to the {JET} {ITER}-like Wall and divertor},
  journal = {Physica Scripta}
}

@article{Smith2006,
  title={Runaway electrons and the evolution of the plasma current in tokamak disruptions},
  author={H{\aa}kan Smith and Per Helander and Lars-Goran Eriksson and Dan Anderson and Mietek Lisak and F. Andersson},
  journal={Physics of Plasmas},
  year={2006},
  volume={13},
  pages={102502}
}

@article{Bazylev2011,
  title = {Modeling of runaway electron beams for JET and ITER},
  journal = {Journal of Nuclear Materials},
  volume = {415},
  number = {1, Supplement },
  pages = {S841-S844},
  year = {2011},
  note = {Proceedings of the 19th International Conference on Plasma-Surface Interactions in Controlled Fusion},
  issn = {0022-3115},
  doi = {https://doi.org/10.1016/j.jnucmat.2010.11.086},
  url = {https://www.sciencedirect.com/science/article/pii/S0022311510007944},
  author = {B. Bazylev and G. Arnoux and W. Fundamenski and Yu. Igitkhanov and M. Lehnen}
}

@article{Knoepfel1979,
  doi = {10.1088/0029-5515/19/6/008},
  url = {https://doi.org/10.1088/0029-5515/19/6/008},
  year = 1979,
  month = {6},
  publisher = {{IOP} Publishing},
  volume = {19},
  number = {6},
  pages = {785--829},
  author = {H. Knoepfel and D.A. Spong},
  title = {Runaway electrons in toroidal discharges},
  journal = {Nuclear Fusion}
}

@article{Donne2007,
  author = {Donne, A. and Costley, Alan and Barnsley, Robin and Bindslev, H. and Boivin, R. and Conway, G. and Fisher, R. and Giannella, R. and Hartfuss, H. and Von Hellermann, Manfred and Hodgson, Eric and Ingesson, L.C. and Itami, Kiyoshi and Johnson, David and Kawano, Y. and Kondoh, T. and Krasilnikov, A. and Kusama, Y. and Litnovsky, Andrey and Diagnostics, the},
  year = {2007},
  month = {06},
  pages = {S337},
  title = {Chapter 7: Diagnostics},
  volume = {47},
  journal = {Nuclear Fusion},
  doi = {10.1088/0029-5515/47/6/S07}
}

@article{Dreicer1959,
  title = {Electron and Ion Runaway in a Fully Ionized Gas. I},
  author = {Dreicer, H.},
  journal = {Phys. Rev.},
  volume = {115},
  issue = {2},
  pages = {238--249},
  numpages = {0},
  year = {1959},
  month = {7},
  publisher = {American Physical Society},
  doi = {10.1103/PhysRev.115.238},
  url = {https://link.aps.org/doi/10.1103/PhysRev.115.238}
}

@BOOK{Golant1977,
  author = { Голант, В. Е. and Жилинский, А. П. and Сахаров, И. Е.},
  address = {Москва},
  publisher = {Атомиздат},
  title = {Основы физики плазмы},
  year = {1977},
  numpages = {384},
  language = {russian}
}

@article{Wilson1925, 
  title={The Acceleration of β-particles in Strong Electric Fields such as those of Thunderclouds}, 
  volume={22}, 
  DOI={10.1017/S0305004100003236}, 
  number={4}, 
  journal={Mathematical Proceedings of the Cambridge Philosophical Society}, 
  publisher={Cambridge University Press}, 
  author={Wilson, C. T. R.}, 
  year={1925}, 
  pages={534–538}
}

@book{Wesson2004,
  title={Tokamaks},
  author={Wesson, J. and Campbell, D.J.},
  isbn={9780198509226},
  lccn={2004266929},
  series={International series of monographs on physics},
  url={https://books.google.ru/books?id=iPlAwZI6HIYC},
  year={2004},
  publisher={Clarendon Press}
}

@article{Sokolov1979, 
  title={"Размножение" ускоренных электронов в токамаке}, 
  volume={29}, 
  number={4}, 
  journal={Письма в ЖЭТФ}, 
  author={Соколов, Ю. А.}, 
  year={1979}, 
  pages={244–246}
}

@BOOK{Rozansky2012,
  author = { Рожанский, В. А.},
  address = {Санкт-Петербург},
  publisher = {Лань},
  title = {Теория плазмы},
  year = {2012},
  language = {russian}
}


@article{Rosenbluth1997,
  doi = {10.1088/0029-5515/37/10/i03},
  url = {https://doi.org/10.1088/0029-5515/37/10/i03},
  year = 1997,
  month = {10},
  publisher = {{IOP} Publishing},
  volume = {37},
  number = {10},
  pages = {1355--1362},
  author = {M.N Rosenbluth and S.V Putvinski},
  title = {Theory for avalanche of runaway electrons in tokamaks},
  journal = {Nuclear Fusion},
}


@article{Helander2002,
  doi = {10.1088/0741-3335/44/12b/318},
  url = {https://doi.org/10.1088/0741-3335/44/12b/318},
  year = 2002,
  month = {11},
  publisher = {{IOP} Publishing},
  volume = {44},
  number = {12B},
  pages = {B247--B262},
  author = {P Helander and L-G Eriksson and F Andersson},
  title = {Runaway acceleration during magnetic reconnection in tokamaks},
  journal = {Plasma Physics and Controlled Fusion},
}

@article{Galvao2001,
  doi = {10.1088/0741-3335/43/9/302},
  url = {https://doi.org/10.1088/0741-3335/43/9/302},
  year = 2001,
  month = {8},
  publisher = {{IOP} Publishing},
  volume = {43},
  number = {9},
  pages = {1181--1190},
  author = {R M O Galv{\~{a}}o and Yu K Kuznetsov and I C Nascimento and E Sanada and D O Campos and A G Elfimov and J I Elizondo and A N Fagundes and A A Ferreira and A M M Fonseca and E A Lerche and R Lopez and L F Ruchko and W P de S{\'{a}} and E A Saettone and J H F Severo and R P da Silva and V S Tsypin and R Valencia and A Vannucci},
  title = {New regime of runaway discharges in tokamaks},
  journal = {Plasma Physics and Controlled Fusion},
}


@article{Gill2002,
  doi = {10.1088/0029-5515/42/8/312},
  url = {https://doi.org/10.1088/0029-5515/42/8/312},
  year = 2002,
  month = {8},
  publisher = {{IOP} Publishing},
  volume = {42},
  number = {8},
  pages = {1039--1044},
  author = {R.D. Gill and B. Alper and M. de Baar and T.C. Hender and M.F. Johnson and V. Riccardo and contributors to the EFDA-JET Workprogramme},
  title = {Behaviour of disruption generated runaways in {JET}},
  journal = {Nuclear Fusion},
}


@article{MartinSolis2017,
  doi = {10.1088/1741-4326/aa6939},
  url = {https://doi.org/10.1088/1741-4326/aa6939},
  year = 2017,
  month = {4},
  publisher = {{IOP} Publishing},
  volume = {57},
  number = {6},
  pages = {066025},
  author = {J.R. Mart{\'{\i}}n-Sol{\'{\i}}s and A. Loarte and M. Lehnen},
  title = {Formation and termination of runaway beams in {ITER} disruptions},
  journal = {Nuclear Fusion},
}


@article{Burrows1990,
  title = {The evaluated nuclear structure data file: Philosophy, content, and uses},
  journal = {Nuclear Instruments and Methods in Physics Research Section A: Accelerators, Spectrometers, Detectors and Associated Equipment},
  volume = {286},
  number = {3},
  pages = {595-600},
  year = {1990},
  issn = {0168-9002},
  doi = {https://doi.org/10.1016/0168-9002(90)90922-S},
  url = {https://www.sciencedirect.com/science/article/pii/016890029090922S},
  author = {Thomas W. Burrows},
}

@article{MartinSolis1998,
  author = {Martı́n-Solı́s, J. R.  and Alvarez, J. D.  and Sánchez,R.  and Esposito,B. },
  title = {Momentum–space structure of relativistic runaway electrons},
  journal = {Physics of Plasmas},
  volume = {5},
  number = {6},
  pages = {2370-2377},
  year = {1998},
  doi = {10.1063/1.872911},
  URL = {https://doi.org/10.1063/1.872911},
  eprint = {https://doi.org/10.1063/1.872911}
}

@Thesis{Shevelev2019th, 
  author = {Шевелев, А. Е.}, 
  title = { Развитие методов гамма-спектроскопии для диагностики убегающих электронов в компактных токамаках},
  media = {text}, 
  type = {docthesis}, 
  major = {физ-мат. наук}, 
  majorcode = {01.04.08}, 
  location = {Санкт-Петербург}, 
  date = {2019}, 
  pagetotal = {158}, 
  language = {russian} 
} 

@article{MartinSolis1999,
  author = {Martín-Solís,J. R.  and Esposito,B.  and Sánchez,R.  and Alvarez,J. D. },
  title = {Energy limits on runaway electrons in tokamak plasmas},
  journal = {Physics of Plasmas},
  volume = {6},
  number = {1},
  pages = {238-252},
  year = {1999},
  doi = {10.1063/1.873276},
  URL = {https://doi.org/10.1063/1.873276},
  eprint = {https://doi.org/10.1063/1.873276}
}

@article{Bakhtiari2005,
  author = {Bakhtiari,M.  and Kramer,G. J.  and Whyte,D. G. },
  title = {Momentum-space study of the effect of bremsstrahlung radiation on the energy of runaway electrons in tokamaks},
  journal = {Physics of Plasmas},
  volume = {12},
  number = {10},
  pages = {102503},
  year = {2005},
  doi = {10.1063/1.2065368},
  URL = { https://doi.org/10.1063/1.2065368},
  eprint = { https://doi.org/10.1063/1.2065368}
}

@article{Carbajal2017,
  author = {Carbajal,L.  and del-Castillo-Negrete,D.  and Spong,D.  and Seal,S.  and Baylor,L. },
  title = {Space dependent, full orbit effects on runaway electron dynamics in tokamak           plasmas},
  journal = {Physics of Plasmas},
  volume = {24},
  number = {4},
  pages = {042512},
  year = {2017},
  doi = {10.1063/1.4981209},
  URL = { https://doi.org/10.1063/1.4981209},
  eprint = { https://doi.org/10.1063/1.4981209}
}

@book{Abdullaev2016,
  title={Theoretical and experimental studies of runaway electrons in the TEXTOR tokamak},
  author={Abdullaev,S.S. and Finken, K.H.  and Wongrach, K. and Willi, O. },
  isbn={978-3-95806-140-8},
  series={Institute of Energy and Climate Research, Plasma Physics IEK-4, Energy and Environment, Volume 318},
  url={https://books.google.ru/books?id=iPlAwZI6HIYC},
  year={2016},
  publisher={Forschungszentrum Jülich GmbH}
}


@article{Laurent1990,
  doi = {10.1209/0295-5075/11/3/006},
  url = {https://doi.org/10.1209/0295-5075/11/3/006},
  year = 1990,
  month = {2},
  publisher = {{IOP} Publishing},
  volume = {11},
  number = {3},
  pages = {219--224},
  author = {L Laurent and J. M Rax},
  title = {Stochastic Instability of Runaway Electrons in Tokamaks},
  journal = {Europhysics Letters ({EPL})},
}

@article{Parail1978,
  doi = {10.1088/0029-5515/18/3/001},
  url = {https://doi.org/10.1088/0029-5515/18/3/001},
  year = 1978,
  month = {3},
  publisher = {{IOP} Publishing},
  volume = {18},
  number = {3},
  pages = {303--314},
  author = {V.V. Parail and O.P. Pogutse},
  title = {The kinetic theory of runaway electron beam instability in a tokamak},
  journal = {Nuclear Fusion},
}

@incollection{Leontovich1982,
  author       = {Параил, В. В. and Погуце, О. П. },
  title        = {Ускоренные электроны в токамаке},
  booktitle    = {Вопросы теории плазмы},
  publisher    = {Энергоиздат},
  year         = {1982},
  editor       = {Леонтович М. А. and Кадомцев Б. Б.},
  volume       = {11},
  pages        = {5-55},
  address      = {Москва},
  language     = {russian}
}

@article{Gin2008,
  author = {Gin, Dmitry and Chugunov, I. and Shevelev, Alexander},
  year = {2008},
  month = {03},
  pages = {240-245},
  title = {Development of a technique for high-speed γ-ray spectrometry},
  volume = {51},
  journal = {Instruments and Experimental Techniques - INSTRUM EXP TECH-ENGL TR},
  doi = {10.1134/S0020441208020152}
}

@article{Renker2009,
  doi = {10.1088/1748-0221/4/04/p04004},
  url = {https://doi.org/10.1088/1748-0221/4/04/p04004},
  year = 2009,
  month = {4},
  publisher = {{IOP} Publishing},
  volume = {4},
  number = {04},
  pages = {P04004--P04004},
  author = {D Renker and E Lorenz},
  title = {Advances in solid state photon detectors},
  journal = {Journal of Instrumentation},
}

@inproceedings{Grodzicka2015,
  author={Grodzicka, M. and Szczęśniak, T. and Moszyński, M. and Swiderski, L. and Szawłowski, M.},
  booktitle={2015 IEEE Nuclear Science Symposium and Medical Imaging Conference (NSS/MIC)}, 
  title={Silicon photomultipliers in scintillation detectors used for gamma-ray energies up to 6.1 MeV}, 
  year={2015},
  volume={},
  number={},
  pages={1-3},
  doi={10.1109/NSSMIC.2015.7581742}
}

@article{Shevelev2004,
  author = {Шевелев, А. Е. and Чугунов, И. Н.  and Гусев, В. К.  and Петров, Ю. В.  and Рождественский, В. В.  and Минеев, А. Б. and Сахаров, Н. В.  and Дойников, Д. Н.  and Изотов, А. Л.  and Крикунов, С. В.  and  Найденов, В. О.  and Подушникова, К. А.  and Полуновский, И. А.  and Гин, Д. Б.  and Чугунов, А. И.  },
  title = {Исследование убегающих электронов на токамаке Глобус-М},
  journal = {Физика плазмы},
  year = {2004},
  volume = {30},
  number = {2},
  pages = {180-184},
  language = {russian}
}

@book{Scherer2017,
  title={Computational Physics: Simulation of Classical and Quantum Systems},
  author={Scherer, P.O.J.},
  isbn={9783319610887},
  series={Graduate Texts in Physics},
  url={https://books.google.ru/books?id=8cA0DwAAQBAJ},
  year={2017},
  publisher={Springer International Publishing}
}


@article{Morhac2011,
  title = {High-resolution boosted deconvolution of spectroscopic data},
  journal = {Journal of Computational and Applied Mathematics},
  volume = {235},
  number = {6},
  pages = {1629-1640},
  year = {2011},
  issn = {0377-0427},
  doi = {https://doi.org/10.1016/j.cam.2010.09.005},
  url = {https://www.sciencedirect.com/science/article/pii/S0377042710004966},
  author = {Miroslav Morháč and Vladislav Matoušek},
  keywords = {Positive definite deconvolution algorithms, Boosted deconvolution, Decomposition to -functions, Resolution improvement, Decomposition of clusters of peaks, Multidimensional -ray spectra}
}

@techreport{Gold1964,
  title = {An iterative unfolding method for response matrices },
  author = { Gold, R. },
  year  = {1964},
  month = {12},
  publisher = {Argonne National Laboratory},
  address = {  Illinois },
  volume = {ANL-6984},
  doi = {https://doi.org/10.2172/4634295 }
}
  
@article{Lemberg1987,
	author = {И. Х. Лемберг and В. О. Найденов and В. Я. Френкель},
	title = {Циклотрон Физико-технического института им. А. Ф. Иоффе АН СССР (К 40-летию со дня пуска)},
	publisher = {Успехи физических наук},
	year = {1987},
	journal = {Усп. физ. наук},
	volume = {153},
	number = {11},
	pages = {497-519},
	url = {https://ufn.ru/ru/articles/1987/11/e/},
	doi = {10.3367/UFNr.0153.198711e.0497}
}

%@ARTICLE{Article,
%  author   = {Peter Adams},
%  title    = {The title of the work},
%  journal  = {The name of the journal},
%  year     = {1993},
%  number   = {2},
%  pages    = {201-213},
%  month    = {7},
%  note     = {An optional note},
%  volume   = {4},
%  language = {english}
%}
%
%@BOOK{Book,
%  author    = {Peter Babington},
%  title     = {The title of the work},
%  publisher = {The name of the publisher},
%  year      = {1993},
%  volume    = {4},
%  series    = {10},
%  address   = {The address},
%  edition   = {3},
%  month     = {7},
%  note      = {An optional note},
%  isbn      = {3257227892},
%  language  = {english}
%}
%
%@BOOKLET{Booklet,
%  title        = {The title of the work},
%  author       = {Peter Caxton},
%  howpublished = {How it was published},
%  address      = {The address of the publisher},
%  month        = {7},
%  year         = {1993},
%  note         = {An optional note},
%  language     = {english}
%}
%
%@CONFERENCE{Conference,
%  author       = {Peter Draper},
%  title        = {The title of the work},
%  booktitle    = {The title of the book},
%  year         = {1993},
%  editor       = {The editor},
%  volume       = {4},
%  series       = {5},
%  pages        = {213},
%  address      = {The address of the publisher},
%  month        = {7},
%  organization = {The organization},
%  publisher    = {The publisher},
%  note         = {An optional note},
%  language     = {english}
%}
%
%@INBOOK{Inbook,
%  author       = {Peter Eston},
%  title        = {The title of the work},
%  booktitle    = {Book title},
%  chapter      = {8},
%  pages        = {201-213},
%  publisher    = {The name of the publisher},
%  year         = {1993},
%  volume       = {4},
%  series       = {5},
%  address      = {The address of the publisher},
%  edition      = {3},
%  month        = {7},
%  note         = {An optional note},
%  language     = {english}
%}
%
%@INCOLLECTION{Incollection,
%  author       = {Peter Farindon},
%  title        = {The title of the work},
%  booktitle    = {The title of the book},
%  publisher    = {The name of the publisher},
%  year         = {1993},
%  editor       = {The editor},
%  volume       = {4},
%  series       = {5},
%  chapter      = {8},
%  pages        = {201-213},
%  address      = {The address of the publisher},
%  edition      = {3},
%  month        = {7},
%  note         = {An optional note},
%  language     = {english}
%}
%
%@MANUAL{Manual,
%  title        = {The title of the work},
%  author       = {Peter Gainsford},
%  organization = {The organization},
%  address      = {The address of the publisher},
%  edition      = {3},
%  month        = {7},
%  year         = {1993},
%  note         = {An optional note},
%  language     = {english}
%}
%
%@MASTERSTHESIS{Mastersthesis,
%  author       = {Peter Harwood},
%  title        = {The title of the work},
%  school       = {The school where the thesis was written},
%  year         = {1993},
%  address      = {The address of the publisher},
%  month        = {7},
%  note         = {An optional note},
%  language     = {english}
%}
%
%@MISC{Misc,
%  author       = {Peter Isley},
%  title        = {The title of the work},
%  howpublished = {How it was published},
%  month        = {7},
%  year         = {1993},
%  note         = {An optional note},
%  language     = {english}
%}
%
%@PHDTHESIS{Phdthesis,
%  author       = {Peter Joslin},
%  title        = {The title of the work},
%  school       = {The school where the thesis was written},
%  year         = {1993},
%  address      = {The address of the publisher},
%  month        = {7},
%  note         = {An optional note},
%  language     = {english}
%}
%
%@PROCEEDINGS{Proceedings,
%  title        = {The title of the work},
%  year         = {1993},
%  editor       = {Peter Kidwelly},
%  volume       = {4},
%  series       = {5},
%  address      = {The address of the publisher},
%  month        = {7},
%  organization = {The organization},
%  publisher    = {The name of the publisher},
%  note         = {An optional note},
%  language     = {english}
%}
%
%@TECHREPORT{Techreport,
%  author       = {Peter Lambert},
%  title        = {The title of the work},
%  institution  = {The institution that published},
%  year         = {1993},
%  number       = {2},
%  address      = {The address of the publisher},
%  month        = {7},
%  note         = {An optional note},
%  language     = {english}
%}
%
%@UNPUBLISHED{Unpublished,
%  author       = {Peter Marcheford},
%  title        = {The title of the work},
%  note         = {An optional note},
%  month        = {7},
%  year         = {1993},
%  language     = {english}
%}

%%% Реальные примеры

% Инициалы должны быть записаны после запятой, с точками, через пробел
% http://www.kit-e.ru/articles/elcomp/2006_12_124.php
% Подчёркивания в ссылке приходится экранировать
% http://www.kit-e.ru/articles/elcomp/2006\_12\_124.php
%@online{medvedev2006jelektronnye,
%  title={Электронные компоненты и монтажные подложки},
%  author={Медведев, А. М.},
%  journal={Компоненты и технологии},
%  number={12},
%  pages={124--134},
%  year={2006},
%  medium={Электронный ресурс},
%  url = {http://www.kit-e.ru/articles/elcomp/2006\_12\_124.php},
%  urldate = {19.01.2015},
%  language = {russian}
%}
%
%% Real example
%% & в названии журнала надо экранировать
%% 10.1002/1521-4125(200007)23:7<581::AID-CEAT581>3.0.CO;2-P
%% < > в ссылке приходится экранировать %3C и %3E, а потом ещё знаки процента в них экранировать
%% 10.1002/1521-4125(200007)23:7%3C581::AID-CEAT581%3E3.0.CO;2-P
%% 10.1002/1521-4125(200007)23:7\%3C581::AID-CEAT581\%3E3.0.CO;2-P
%% url не нужен. если запись о бумажной публикации
%@article {CEAT:CEAT581,
%  author = {Deiters, U. K.},
%  title = {A Modular Program System for the Calculation of Thermodynamic Properties of Fluids},
%  journal = {Chemical Engineering \& Technology},
%  volume = {23},
%  number = {7},
%  publisher = {WILEY-VCH Verlag},
%  issn = {1521-4125},
%  doi = {10.1002/1521-4125(200007)23:7<581::AID-CEAT581>3.0.CO;2-P},
%  pages = {581--584},
%  year = {2000},
%  language = {english}
%}
%
%% Real with  4 authors
%@article{doi:10.1080/01932691.2010.513279,
%  author = {Young-Sang Cho and Young Kuk Kim and Kook Chae Chung and Chul Jin Choi },
%  title = {Deformation of Colloidal Crystals for Photonic Band Gap Tuning},
%  journal = {Journal of Dispersion Science and Technology},
%  volume = {32},
%  number = {10},
%  pages = {1408-1415},
%  year = {2011},
%  doi = {10.1080/01932691.2010.513279},
%  language = {english}
%}
%
%% doi with (), author with umlaut or other unicode or specific symbols, 9 authors
%% latex don't like Gösele1999161 in ref
%% Умляуты в авторах понимаются из-за поддержки в юникодной странице pdflatex и xelatex
%% Иллюстрация того, что будет. если на английской записи будут поставлена пометка, что язык русский
%@article{Gosele1999161,
%  title = "Wafer bonding for microsystems technologies",
%  journal = "Sensors and Actuators A: Physical",
%  volume = "74",
%  number = "1–3",
%  pages = "161 - 168",
%  year = "1999",
%  issn = "0924-4247",
%  doi = "10.1016/S0924-4247(98)00310-0",
%  author = "Gösele, U. and Tong, Q.-Y. and Schumacher, A. and Kräuter, G. and Reiche, M. and Plößl, A. and Kopperschmidt, P. and Lee, T.-H. and Kim, W.-J.",
%  keywords = "Wafer bonding",
%  keywords = "Fusion bonding",
%  keywords = "Pressure sensors",
%  keywords = "Interface reactions",
%  keywords = "Hydrophilic bonding",
%  keywords = "Hydrophobic bonding",
%  language = {russian}
%}
%
%% Real example (from Google or Springer)
%% unmodified styles don't know %language = {English}
%% язык писать с маленьких
%% иллюстрация incollection
%% 10.1007/0-387-32989-7_45
%% Подчёркивания в DOI приходится экранировать
%% 10.1007/0-387-32989-7\_45
%@incollection{Li2007StressAnalysis,
%  year={2007},
%  isbn={978-0-387-27974-9},
%  booktitle={Micro- and Opto-Electronic Materials and Structures: Physics, Mechanics, Design, Reliability, Packaging},
%  editor={Suhir, E. and Lee, Y. C. and Wong, C. P.},
%  doi={10.1007/0-387-32989-7_45},
%  title={Stress Analysis for Processed Silicon Wafers and Packaged Micro-devices},
%  publisher={Springer US},
%  author={Li, Li and Guo, Yifan and Zheng, Dawei},
%  pages={B677-B709},
%  language={english}
%}
%
%% Real, β sign
%% inputenc don't know β sign %aluminosilicate-β-quartz
%% Знаки типа β, которые не знает таблица кодировки, с которой работает компилятор нужно заменять на latex команды
%% doi должен быть без http://dx.doi.org/
%@article{Shoji199895,
%title = {"Low-temperature anodic bonding using lithium aluminosilicate-\(\beta\)-quartz glass ceramic"},
%journal = "Sensors and Actuators A: Physical",
%volume = "64",
%number = "1",
%pages = "95 - 100",
%year = "1998",
%note = "Tenth {IEEE} International Workshop on Micro Electro Mechanical Systems ",
%issn = "0924-4247",
%doi = "10.1016/S0924-4247(97)01659-2",
%author = {Shuichi Shoji and Hiroto Kikuchi and Hirotaka Torigoe},
%keywords = "Anodic bonding",
%keywords = "Low-temperature bonding",
%keywords = "Micro assembly",
%keywords = "Micro package",
%keywords = "Glass ceramic",
%}
%
%
%% from urlbst package
%% Example from Jason Eisner, by mail (nothing special about the entry,
%% but he seemed to be having formatting problems with unsrturl and proceedings
%% entries.
%% http://cs.jhu.edu/~jason/papers/#icassp07
%@InProceedings{test:eisner-sample,
%  author =       {Damianos Karakos and Sanjeev Khudanpur and Jason
%                  Eisner and Carey~E. Priebe},
%  title =        {Iterative denoising using {J}ensen-{R}enyi
%                  divergences with an application to unsupervised
%                  document categorization},
%  booktitle =    {Proceedings of ICASSP},
%  year =         2007,
%  url =          {http://cs.jhu.edu/~jason/papers/\#icassp07}
%}
%
%@InProceedings{test:eisner-sample-shorted,
%  author =       {Damianos Karakos and Sanjeev Khudanpur and Jason
%                  Eisner and Carey~E. Priebe},
%  title =        {Iterative denoising using {J}ensen-{R}enyi
%                  divergences with an application to unsupervised
%                  document categorization},
%  booktitle =    {Proceedings of ICASSP},
%  shortbooktitle = {Proc. of ICASSP},
%  year =         2007,
%  url =          {http://cs.jhu.edu/~jason/papers/\#icassp07}
%}
%
%% Попытка записать патент имеющимися средствами
%@Book{iofis_patent1960,
%  title                    = {Способ пайки керамики с~керамикой и~стекла с~металлом : а.\,с.~126728 СССР},
%  author                   = {Иофис, Н. А.},
%  year                     = {1960},
%  numpages                 = {Бюл. № 5.~1},
%  language                 = {russian}
%}
%
%% Попытка записать патент имеющимися средствами
%@Book{AB_patent_Pomerantz_1968,
%  title                    = {Anodic bonding : patent no. 3397278 US},
%  author                   = {Pomerantz, D. I.},
%  year                     = {1968},
%  language                 = {english}
%}
%
%% !!! этот пример НЕ работает с bibtex
%% Примеры оформления патентов из пакета https://www.ctan.org/pkg/biblatex-gost
%@Patent{patent2h,
%  heading =      {Заявка 1095735 Рос. федерация, МПК\ensuremath{^7} B 64 G 1/00},
%  author =       {Тернер, Э. В.},
%  authortype =   {США},
%  title =        {Одноразовая ракета-носитель},
%  media =        {text},
%  holder =       {{заявитель Спейс Системз/Лорал, инк.}},
%  credits =      {патент. поверенный Егорова Г. Б.},
%  reqnumber =    {2000108705/28},
%  date =         {2000-04-07},
%  publdate =     {2001-03-10},
%  publication =  {Бюл. № 7 (I ч.)\midsentence},
%  prdate =       {1999-04-09},
%  prnumber =     {09/289, 037},
%  prcountry =    {countryus},
%  pagetotal =    {5 с.~: ил.},
%  language =     {russian},
%}
%
%@Patent{patent3h,
%  heading =      {А. с. 1007970 СССР, МКИ\ensuremath{^3} В 25.1 15/00},
%  author =       {В. С. Ваулин and В. Г. Кемайкин},
%  authortype =   {СССР},
%  title =        {Устройство для захвата неориентированных деталей типа валов},
%  media =        {text},
%  reqnumber =    {3360585/25-08},
%  date =         {1981-11-23},
%  publication =  {Бюл. № 12},
%  publdate =     {1983-03-30},
%  pagetotal =    {2 с.~: ил.},
%  language =     {russian},
%}
%
%@Patent{patent2,
%  author =       {Тернер, Э. В.},
%  authortype =   {США},
%  title =        {Одноразовая ракета-носитель},
%  media =        {text},
%  type =         {patreq},
%  number =       1095735,
%  location =     {countryru},
%  ipc =          {МПК\ensuremath{^7} B 64 G 1/00},
%  holder =       {{заявитель Спейс Системз/Лорал, инк.}},
%  credits =      {патент. поверенный Егорова Г. Б.},
%  reqnumber =    {2000108705/28},
%  date =         {2000-04-07},
%  publdate =     {2001-03-10},
%  publication =  {Бюл. № 7 (I ч.)\midsentence},
%  prioritydate = {1999-04-09},
%  prioritynumber ={09/289, 037},
%  prioritycountry ={countryus},
%  pagetotal =    {5 с.~: ил.},
%  language =     {russian},
%}
%
%%%% Использование дополнительных опций biblatex
%
%@Book{sobenin_kdv,
%  author =       {О. А. Вальднер and Н. П. Собенин and Б. В. Зверев and И. С. Щедрин},
%  options =      {maxnames=4},
%  title =        {Диафрагмированные волноводы},
%  subtitle =     {Справочник},
%  publisher =    {Энергоатомиздат},
%  edition =      3,
%  year =         1991,
%  pagetotal =    280,
%  location =     {М.},
%  language =     {russian},
%  isbn =         {5-283-03960-9},
%}
%
%@InProceedings{initials,
%  author =       {Ya.Yu. Ivanov},
%  title =        {Stabilization of the initials in the bibliography entries},
%  booktitle =    {Proc. of {IPAC'10}},
%  options =      {giveninits=false},
%  pages =        {1234 -- 4321},
%  language =     {english},
%  venue =        {Kyoto, Japan},
%  publisher =    {JACoW Publishing},
%  location =     {Geneva},
%  month =        5,
%  year =         2010,
%}
